
@inproceedings{siegmund_predicting_2012,
	title = {Predicting performance via automated feature-interaction detection},
	url = {http://ieeexplore.ieee.org/abstract/document/6227196/},
	urldate = {2017-05-22},
	booktitle = {Software {Engineering} ({ICSE}), 2012 34th {International} {Conference} on},
	publisher = {IEEE},
	author = {Siegmund, Norbert and Kolesnikov, Sergiy S. and Kästner, Christian and Apel, Sven and Batory, Don and Rosenmüller, Marko and Saake, Gunter},
	year = {2012},
	pages = {167--177},
	file = {10.1.1.436.3009.pdf:files/30/10.1.1.436.3009.pdf:application/pdf}
}

@article{koziolek_performance_2013,
	title = {Performance and reliability prediction for evolving service-oriented software systems},
	volume = {18},
	url = {http://link.springer.com/article/10.1007/s10664-012-9213-0},
	number = {4},
	urldate = {2017-05-22},
	journal = {Empirical Software Engineering},
	author = {Koziolek, Heiko and Schlich, Bastian and Becker, Steffen and Hauck, Michael},
	year = {2013},
	pages = {746--790},
	file = {Academic Search Engine Optimization (ASEO) -- Optimizing Scholarly Literature for Google Scholar and Co.pdf:files/6/Academic Search Engine Optimization (ASEO) -- Optimizing Scholarly Literature for Google Scholar and Co.pdf:application/pdf}
}

@inproceedings{siegmund_performance-influence_2015,
	title = {Performance-influence models for highly configurable systems},
	isbn = {978-1-4503-3675-8},
	url = {http://dl.acm.org/citation.cfm?doid=2786805.2786845},
	doi = {10.1145/2786805.2786845},
	language = {en},
	urldate = {2017-05-22},
	publisher = {ACM Press},
	author = {Siegmund, Norbert and Grebhahn, Alexander and Apel, Sven and Kästner, Christian},
	year = {2015},
	pages = {284--294},
	file = {b338be716304544f8180dc556b45ea66d6c4.pdf:files/39/b338be716304544f8180dc556b45ea66d6c4.pdf:application/pdf}
}

@inproceedings{foo_mining_2010,
	title = {Mining performance regression testing repositories for automated performance analysis},
	url = {http://ieeexplore.ieee.org/abstract/document/5562942/},
	urldate = {2017-05-22},
	booktitle = {Quality {Software} ({QSIC}), 2010 10th {International} {Conference} on},
	publisher = {IEEE},
	author = {Foo, King Chun and Jiang, Zhen Ming and Adams, Bram and Hassan, Ahmed E. and Zou, Ying and Flora, Parminder},
	year = {2010},
	pages = {32--41},
	file = {QSIC2010_MiningPerformanceRegressionTestingRepositoriesForAutomatedPerformanceAnalysis.pdf:files/53/QSIC2010_MiningPerformanceRegressionTestingRepositoriesForAutomatedPerformanceAnalysis.pdf:application/pdf}
}

@inproceedings{seidl_co-evolution_2012,
	title = {Co-evolution of models and feature mapping in software product lines},
	url = {http://dl.acm.org/citation.cfm?id=2362550},
	urldate = {2017-05-22},
	booktitle = {Proceedings of the 16th {International} {Software} {Product} {Line} {Conference}-{Volume} 1},
	publisher = {ACM},
	author = {Seidl, Christoph and Heidenreich, Florian and A{\textbackslash}s smann, Uwe},
	year = {2012},
	pages = {76--85},
	file = {p76-seidl.pdf:files/14/p76-seidl.pdf:application/pdf}
}

@inproceedings{liebig_scalable_2013,
	title = {Scalable analysis of variable software},
	url = {http://dl.acm.org/citation.cfm?id=2491437},
	urldate = {2017-05-22},
	booktitle = {Proceedings of the 2013 9th {Joint} {Meeting} on {Foundations} of {Software} {Engineering}},
	publisher = {ACM},
	author = {Liebig, Jörg and von Rhein, Alexander and Kästner, Christian and Apel, Sven and Dörre, Jens and Lengauer, Christian},
	year = {2013},
	pages = {81--91},
	file = {10.1.1.448.6643.pdf:files/31/10.1.1.448.6643.pdf:application/pdf}
}

@misc{center_for_history_and_new_media_schnelleinstieg_nodate,
	title = {Schnelleinstieg},
	url = {http://zotero.org/support/quick_start_guide},
	author = {{Center for History and New Media}},
	annote = {Willkommen bei Zotero!Anhand des Schnelleinstiegs lässt sich das Sammeln, Handhaben, Zitieren und Teilen von Quellen erlernen.Vielen Dank, dass Sie Zotero installiert haben.}
}

@inproceedings{heger_automated_2013,
	title = {Automated root cause isolation of performance regressions during software development},
	url = {http://dl.acm.org/citation.cfm?id=2479879},
	urldate = {2017-05-22},
	booktitle = {Proceedings of the 4th {ACM}/{SPEC} {International} {Conference} on {Performance} {Engineering}},
	publisher = {ACM},
	author = {Heger, Christoph and Happe, Jens and Farahbod, Roozbeh},
	year = {2013},
	pages = {27--38},
	file = {p27-heger.pdf:files/51/p27-heger.pdf:application/pdf}
}

@article{de_silva_controlling_2012,
	title = {Controlling software architecture erosion: {A} survey},
	volume = {85},
	shorttitle = {Controlling software architecture erosion},
	url = {http://www.sciencedirect.com/science/article/pii/S0164121211002044},
	number = {1},
	urldate = {2017-05-22},
	journal = {Journal of Systems and Software},
	author = {De Silva, Lakshitha and Balasubramaniam, Dharini},
	year = {2012},
	pages = {132--151},
	file = {survey.pdf:files/54/survey.pdf:application/pdf}
}

@inproceedings{sayyad_scalable_2013,
	title = {Scalable product line configuration: {A} straw to break the camel's back},
	shorttitle = {Scalable product line configuration},
	url = {http://ieeexplore.ieee.org/abstract/document/6693104/},
	urldate = {2017-05-22},
	booktitle = {Automated {Software} {Engineering} ({ASE}), 2013 {IEEE}/{ACM} 28th {International} {Conference} on},
	publisher = {IEEE},
	author = {Sayyad, Abdel Salam and Ingram, Joseph and Menzies, Tim and Ammar, Hany},
	year = {2013},
	pages = {465--474},
	file = {176ef4196797603ae2ca68ff353bb4233668.pdf:files/33/176ef4196797603ae2ca68ff353bb4233668.pdf:application/pdf}
}

@article{chandrashekar_survey_2014,
	title = {A survey on feature selection methods},
	volume = {40},
	issn = {00457906},
	url = {http://linkinghub.elsevier.com/retrieve/pii/S0045790613003066},
	doi = {10.1016/j.compeleceng.2013.11.024},
	language = {en},
	number = {1},
	urldate = {2017-05-22},
	journal = {Computers \& Electrical Engineering},
	author = {Chandrashekar, Girish and Sahin, Ferat},
	month = jan,
	year = {2014},
	pages = {16--28},
	file = {Chandrashekar - Feature Selection Methods - 2014.pdf:files/74/Chandrashekar - Feature Selection Methods - 2014.pdf:application/pdf}
}

@article{breivold_systematic_2012,
	title = {A systematic review of software architecture evolution research},
	volume = {54},
	issn = {09505849},
	url = {http://linkinghub.elsevier.com/retrieve/pii/S0950584911001376},
	doi = {10.1016/j.infsof.2011.06.002},
	language = {en},
	number = {1},
	urldate = {2017-05-22},
	journal = {Information and Software Technology},
	author = {Breivold, Hongyu Pei and Crnkovic, Ivica and Larsson, Magnus},
	month = jan,
	year = {2012},
	pages = {16--40},
	file = {2568(1).pdf:files/8/2568(1).pdf:application/pdf}
}

@unpublished{siegmund_performance_nodate,
	title = {Performance {Evolution} of {Highly}-{Configurable} {Software} {Systems}},
	abstract = {DFG-Antrag für das Projekt "Pervolution"},
	author = {Siegmund, Norbert and Apel, Sven},
	file = {DFG-Antrag.pdf:files/5/DFG-Antrag.pdf:application/pdf}
}

@article{peng_analyzing_2011,
	title = {Analyzing evolution of variability in a software product line: {From} contexts and requirements to features},
	volume = {53},
	issn = {09505849},
	shorttitle = {Analyzing evolution of variability in a software product line},
	url = {http://linkinghub.elsevier.com/retrieve/pii/S0950584911000024},
	doi = {10.1016/j.infsof.2011.01.001},
	language = {en},
	number = {7},
	urldate = {2017-05-22},
	journal = {Information and Software Technology},
	author = {Peng, Xin and Yu, Yijun and Zhao, Wenyun},
	month = jul,
	year = {2011},
	pages = {707--721},
	file = {variability.pdf:files/18/variability.pdf:application/pdf}
}

@inproceedings{siegmund_performance-influence_2015-1,
	title = {Performance-influence models for highly configurable systems},
	isbn = {978-1-4503-3675-8},
	url = {http://dl.acm.org/citation.cfm?doid=2786805.2786845},
	doi = {10.1145/2786805.2786845},
	language = {en},
	urldate = {2017-05-22},
	publisher = {ACM Press},
	author = {Siegmund, Norbert and Grebhahn, Alexander and Apel, Sven and Kästner, Christian},
	year = {2015},
	pages = {284--294},
	file = {fse15_influence.pdf:files/12/fse15_influence.pdf:application/pdf}
}

@inproceedings{guo_variability-aware_2013,
	title = {Variability-aware performance prediction: {A} statistical learning approach},
	shorttitle = {Variability-aware performance prediction},
	url = {http://ieeexplore.ieee.org/abstract/document/6693089/},
	urldate = {2017-05-22},
	booktitle = {Automated {Software} {Engineering} ({ASE}), 2013 {IEEE}/{ACM} 28th {International} {Conference} on},
	publisher = {IEEE},
	author = {Guo, Jianmei and Czarnecki, Krzysztof and Apel, Sven and Siegmund, Norbert and Wasowski, Andrzej},
	year = {2013},
	pages = {301--311},
	file = {0123ab7ced1a81f4b65b5474fea0020dab5a.pdf:files/32/0123ab7ced1a81f4b65b5474fea0020dab5a.pdf:application/pdf}
}

@article{guo_genetic_2011,
	title = {A genetic algorithm for optimized feature selection with resource constraints in software product lines},
	volume = {84},
	url = {http://www.sciencedirect.com/science/article/pii/S0164121211001518},
	number = {12},
	urldate = {2017-05-22},
	journal = {Journal of Systems and Software},
	author = {Guo, Jianmei and White, Jules and Wang, Guangxin and Li, Jian and Wang, Yinglin},
	year = {2011},
	pages = {2208--2221},
	file = {A_genetic_algorithm_for_optimized_feature_selectio.pdf:files/36/A_genetic_algorithm_for_optimized_feature_selectio.pdf:application/pdf}
}

@article{koziolek_performance_2013-1,
	title = {Performance and reliability prediction for evolving service-oriented software systems},
	volume = {18},
	url = {http://link.springer.com/article/10.1007/s10664-012-9213-0},
	number = {4},
	urldate = {2017-05-22},
	journal = {Empirical Software Engineering},
	author = {Koziolek, Heiko and Schlich, Bastian and Becker, Steffen and Hauck, Michael},
	year = {2013},
	pages = {746--790},
	file = {Academic Search Engine Optimization (ASEO) -- Optimizing Scholarly Literature for Google Scholar and Co.pdf:files/9/Academic Search Engine Optimization (ASEO) -- Optimizing Scholarly Literature for Google Scholar and Co.pdf:application/pdf}
}

@inproceedings{woodside_future_2007,
	title = {The future of software performance engineering},
	url = {http://ieeexplore.ieee.org/abstract/document/4221619/},
	urldate = {2017-05-22},
	booktitle = {Future of {Software} {Engineering}, 2007. {FOSE}'07},
	publisher = {IEEE},
	author = {Woodside, Murray and Franks, Greg and Petriu, Dorina C.},
	year = {2007},
	pages = {171--187},
	file = {e9c91b42485e0f1e45849173ab0a421045f6.pdf:files/40/e9c91b42485e0f1e45849173ab0a421045f6.pdf:application/pdf}
}

@inproceedings{passos_coevolution_nodate,
	title = {Coevolution of {Variability} {Models} and {Related} {Software} {Artifacts}. {A} {Fresh} {Look} at {Evolution} {Patterns} in the {Linux} {Kernel}},
	author = {Passos, Leonardo and Teixeira, Leopoldo and Dintzner, Nicolas and Apel, Sven and Wąsowski, Andrzej and Czarnecki, Krzysztof and Borba, Paulo and Guo, Jianmei},
	file = {PTD+16.pdf:files/52/PTD+16.pdf:application/pdf}
}

@inproceedings{zhang_variability_2013,
	title = {Variability evolution and erosion in industrial product lines: a case study},
	shorttitle = {Variability evolution and erosion in industrial product lines},
	url = {http://dl.acm.org/citation.cfm?id=2491645},
	urldate = {2017-05-22},
	booktitle = {Proceedings of the 17th {International} {Software} {Product} {Line} {Conference}},
	publisher = {ACM},
	author = {Zhang, Bo and Becker, Martin and Patzke, Thomas and Sierszecki, Krzysztof and Savolainen, Juha Erik},
	year = {2013},
	pages = {168--177},
	file = {A_genetic_algorithm_for_optimized_feature_selectio.pdf:files/42/A_genetic_algorithm_for_optimized_feature_selectio.pdf:application/pdf;art%3A10.1007%2Fs10515-014-0151-5.pdf:files/43/art%3A10.1007%2Fs10515-014-0151-5.pdf:application/pdf;ase2015.pdf:files/44/ase2015.pdf:application/pdf;b338be716304544f8180dc556b45ea66d6c4.pdf:files/45/b338be716304544f8180dc556b45ea66d6c4.pdf:application/pdf;e9c91b42485e0f1e45849173ab0a421045f6.pdf:files/46/e9c91b42485e0f1e45849173ab0a421045f6.pdf:application/pdf;fse15.pdf:files/47/fse15.pdf:application/pdf;p168-zhang.pdf:files/16/p168-zhang.pdf:application/pdf}
}

@article{lesenich_balancing_2015,
	title = {Balancing precision and performance in structured merge},
	volume = {22},
	issn = {0928-8910, 1573-7535},
	url = {http://link.springer.com/10.1007/s10515-014-0151-5},
	doi = {10.1007/s10515-014-0151-5},
	language = {en},
	number = {3},
	urldate = {2017-05-22},
	journal = {Automated Software Engineering},
	author = {Leßenich, Olaf and Apel, Sven and Lengauer, Christian},
	month = sep,
	year = {2015},
	pages = {367--397},
	file = {art%3A10.1007%2Fs10515-014-0151-5.pdf:files/10/art%3A10.1007%2Fs10515-014-0151-5.pdf:application/pdf}
}

@inproceedings{joblin_developer_2015,
	title = {From {Developer} {Networks} to {Verified} {Communities}: {A} {Fine}-{Grained} {Approach}},
	isbn = {978-1-4799-1934-5},
	shorttitle = {From {Developer} {Networks} to {Verified} {Communities}},
	url = {http://ieeexplore.ieee.org/document/7194606/},
	doi = {10.1109/ICSE.2015.73},
	urldate = {2017-05-22},
	publisher = {IEEE},
	author = {Joblin, Mitchell and Mauerer, Wolfgang and Apel, Sven and Siegmund, Janet and Riehle, Dirk},
	month = may,
	year = {2015},
	pages = {563--573},
	file = {p563-joblin.pdf:files/17/p563-joblin.pdf:application/pdf}
}

@inproceedings{kowal_scaling_2015,
	title = {Scaling {Size} and {Parameter} {Spaces} in {Variability}-{Aware} {Software} {Performance} {Models} ({T})},
	url = {http://ieeexplore.ieee.org/abstract/document/7372029/},
	urldate = {2017-05-22},
	booktitle = {Automated {Software} {Engineering} ({ASE}), 2015 30th {IEEE}/{ACM} {International} {Conference} on},
	publisher = {IEEE},
	author = {Kowal, Matthias and Tschaikowski, Max and Tribastone, Mirco and Schaefer, Ina},
	year = {2015},
	pages = {407--417},
	file = {ase2015.pdf:files/38/ase2015.pdf:application/pdf}
}

@inproceedings{passos_feature_2015,
	title = {Feature scattering in the large: a longitudinal study of {Linux} kernel device drivers},
	isbn = {978-1-4503-3249-1},
	shorttitle = {Feature scattering in the large},
	url = {http://dl.acm.org/citation.cfm?doid=2724525.2724575},
	doi = {10.1145/2724525.2724575},
	language = {en},
	urldate = {2017-05-22},
	publisher = {ACM Press},
	author = {Passos, Leonardo and Padilla, Jesús and Berger, Thorsten and Apel, Sven and Czarnecki, Krzysztof and Valente, Marco Tulio},
	year = {2015},
	pages = {81--92},
	file = {p81-passos.pdf:files/15/p81-passos.pdf:application/pdf}
}

@inproceedings{yilmaz_main_2005,
	title = {Main effects screening: a distributed continuous quality assurance process for monitoring performance degradation in evolving software systems},
	shorttitle = {Main effects screening},
	url = {http://dl.acm.org/citation.cfm?id=1062515},
	urldate = {2017-05-22},
	booktitle = {Proceedings of the 27th international conference on {Software} engineering},
	publisher = {ACM},
	author = {Yilmaz, Cemal and Krishna, Arvind S. and Memon, Atif and Porter, Adam and Schmidt, Douglas C. and Gokhale, Aniruddha and Natarajan, Balachandran},
	year = {2005},
	pages = {293--302},
	file = {ICSE2005_MES (1).pdf:files/13/ICSE2005_MES (1).pdf:application/pdf}
}

@article{thum_classification_2014,
	title = {A {Classification} and {Survey} of {Analysis} {Strategies} for {Software} {Product} {Lines}},
	volume = {47},
	issn = {03600300},
	url = {http://dl.acm.org/citation.cfm?doid=2620784.2580950},
	doi = {10.1145/2580950},
	language = {en},
	number = {1},
	urldate = {2017-05-22},
	journal = {ACM Computing Surveys},
	author = {Thüm, Thomas and Apel, Sven and Kästner, Christian and Schaefer, Ina and Saake, Gunter},
	month = jun,
	year = {2014},
	pages = {1--45},
	file = {Thum - Software Product Lines - 2014.pdf:files/55/Thum - Software Product Lines - 2014.pdf:application/pdf}
}

@inproceedings{apel_strategies_2013,
	title = {Strategies for product-line verification: case studies and experiments},
	shorttitle = {Strategies for product-line verification},
	url = {http://dl.acm.org/citation.cfm?id=2486852},
	urldate = {2017-05-22},
	booktitle = {Proceedings of the 2013 {International} {Conference} on {Software} {Engineering}},
	publisher = {IEEE Press},
	author = {Apel, Sven and Rhein, Alexander von and Wendler, Philipp and Grösslinger, Armin and Beyer, Dirk},
	year = {2013},
	pages = {482--491},
	file = {ICSE2013.pdf:files/49/ICSE2013.pdf:application/pdf}
}

@article{aleti_software_2013,
	title = {Software {Architecture} {Optimization} {Methods}: {A} {Systematic} {Literature} {Review}},
	volume = {39},
	issn = {0098-5589, 1939-3520},
	shorttitle = {Software {Architecture} {Optimization} {Methods}},
	url = {http://ieeexplore.ieee.org/document/6311410/},
	doi = {10.1109/TSE.2012.64},
	number = {5},
	urldate = {2017-05-22},
	journal = {IEEE Transactions on Software Engineering},
	author = {Aleti, Aldeida and Buhnova, Barbora and Grunske, Lars and Koziolek, Anne and Meedeniya, Indika},
	month = may,
	year = {2013},
	pages = {658--683},
	file = {06311410.pdf:files/35/06311410.pdf:application/pdf}
}

@inproceedings{liebig_analysis_2010,
	title = {An analysis of the variability in forty preprocessor-based software product lines},
	volume = {1},
	url = {http://ieeexplore.ieee.org/abstract/document/6062078/},
	urldate = {2017-05-22},
	booktitle = {Software {Engineering}, 2010 {ACM}/{IEEE} 32nd {International} {Conference} on},
	publisher = {IEEE},
	author = {Liebig, Jorg and Apel, Sven and Lengauer, Christian and Kästner, Christian and Schulze, Michael},
	year = {2010},
	pages = {105--114},
	file = {icse10.pdf:files/48/icse10.pdf:application/pdf}
}

@inproceedings{xu_hey_2015,
	title = {Hey, you have given me too many knobs!: understanding and dealing with over-designed configuration in system software},
	isbn = {978-1-4503-3675-8},
	shorttitle = {Hey, you have given me too many knobs!},
	url = {http://dl.acm.org/citation.cfm?doid=2786805.2786852},
	doi = {10.1145/2786805.2786852},
	language = {en},
	urldate = {2017-05-22},
	publisher = {ACM Press},
	author = {Xu, Tianyin and Jin, Long and Fan, Xuepeng and Zhou, Yuanyuan and Pasupathy, Shankar and Talwadker, Rukma},
	year = {2015},
	pages = {307--319},
	file = {fse15.pdf:files/41/fse15.pdf:application/pdf}
}

@inproceedings{nguyen_industrial_2014,
	title = {An industrial case study of automatically identifying performance regression-causes},
	url = {http://dl.acm.org/citation.cfm?id=2597092},
	urldate = {2017-05-22},
	booktitle = {Proceedings of the 11th {Working} {Conference} on {Mining} {Software} {Repositories}},
	publisher = {ACM},
	author = {Nguyen, Thanh HD and Nagappan, Meiyappan and Hassan, Ahmed E. and Nasser, Mohamed and Flora, Parminder},
	year = {2014},
	pages = {232--241},
	file = {MSR2014-Nguyen-PreCRC.pdf:files/50/MSR2014-Nguyen-PreCRC.pdf:application/pdf}
}

@article{pan_toward_2009,
	title = {Toward an understanding of bug fix patterns},
	volume = {14},
	issn = {1382-3256, 1573-7616},
	url = {http://link.springer.com/10.1007/s10664-008-9077-5},
	doi = {10.1007/s10664-008-9077-5},
	language = {en},
	number = {3},
	urldate = {2017-05-22},
	journal = {Empirical Software Engineering},
	author = {Pan, Kai and Kim, Sunghun and Whitehead, E. James},
	month = jun,
	year = {2009},
	pages = {286--315},
	file = {bug-fix-patterns-emse-2008.pdf:files/11/bug-fix-patterns-emse-2008.pdf:application/pdf}
}

@article{lesenich_balancing_2015-1,
	title = {Balancing precision and performance in structured merge},
	volume = {22},
	issn = {0928-8910, 1573-7535},
	url = {http://link.springer.com/10.1007/s10515-014-0151-5},
	doi = {10.1007/s10515-014-0151-5},
	language = {en},
	number = {3},
	urldate = {2017-05-22},
	journal = {Automated Software Engineering},
	author = {Leßenich, Olaf and Apel, Sven and Lengauer, Christian},
	month = sep,
	year = {2015},
	pages = {367--397},
	file = {art%3A10.1007%2Fs10515-014-0151-5.pdf:files/37/art%3A10.1007%2Fs10515-014-0151-5.pdf:application/pdf}
}